<?xml version="1.0" encoding="UTF-8"?>
<collection xmlns:xsi="http://www.w3.org/2001/XMLSchema-instance" xsi:schemaLocation="http://www.loc.gov/MARC21/slim http://www.loc.gov/standards/marcxml/schema/MARC21slim.xsd" xmlns="http://www.loc.gov/MARC21/slim">
<record>
  <leader>00834cam a22001931  4500</leader>
  <controlfield tag="001">2980518</controlfield>
  <controlfield tag="003">NNC</controlfield>
  <controlfield tag="005">20150708143511.0</controlfield>
  <controlfield tag="008">010222s1907    ua            000 0 ara d</controlfield>
  <datafield tag="035" ind1=" " ind2=" ">
    <subfield code="a">(OCoLC)ocm46308128</subfield>
  </datafield>
  <datafield tag="035" ind1=" " ind2=" ">
    <subfield code="9">ASM7609CU</subfield>
  </datafield>
  <datafield tag="035" ind1=" " ind2=" ">
    <subfield code="a">(NNC)2980518</subfield>
  </datafield>
  <datafield tag="040" ind1=" " ind2=" ">
    <subfield code="a">ZCU</subfield>
    <subfield code="c">ZCU</subfield>
  </datafield>
  <datafield tag="090" ind1=" " ind2=" ">
    <subfield code="a">PJ6161</subfield>
    <subfield code="b">.M34</subfield>
  </datafield>
  <datafield tag="100" ind1="0" ind2=" ">
    <subfield code="a">Makhlūf al-Minyawī,</subfield>
    <subfield code="e">commentator.</subfield>
  </datafield>
  <datafield tag="245" ind1="1" ind2="0">
    <subfield code="a">Ḥāshiyat al-fāḍil al-shahīr</subfield>
    <subfield code="c">al-shaykh Makhlūf al-Minyawī ʻalā sharḥ al-ʻallāmah al-shaykh Aḥmad al-Damanhūrī li-matn al-imām al-Akhḍarī al-musammā bi al-Jawhar al-maknūn fī al-maʻānī wa-al-bayān wa-al-badīʻ. Wa-bi-hāmishihā sharḥ al-Jawhar al-maknūn al-madhkūr.</subfield>
  </datafield>
  <datafield tag="260" ind1=" " ind2=" ">
    <subfield code="a">Miṣr,</subfield>
    <subfield code="b">Maktabat Aḥmad ʻAlī al-Mulayjī (al-Malījī?)</subfield>
    <subfield code="c">1325 [1907]</subfield>
  </datafield>
  <datafield tag="300" ind1=" " ind2=" ">
    <subfield code="a">174 p.</subfield>
    <subfield code="c">27 cm.</subfield>
  </datafield>
  <datafield tag="955" ind1=" " ind2=" ">
    <subfield code="b">0036760315</subfield>
    <subfield code="d">glx</subfield>
    <subfield code="e">PJ6161 .M34</subfield>
  </datafield>
</record>
</collection>